@book{Weibel_1995, title={An Introduction to Homological Algebra}, ISBN={978-0-521-55987-4}, publisher={Cambridge University Press}, author={Weibel, Charles A.}, year={1995}, month={Oct}, language={en} }
@misc{Ralph_2012, title={Answer to “Projective objects in the category of chain complexes”}, url={https://mathoverflow.net/a/115454}, journal={MathOverflow}, author={Ralph}, year={2012}, month={Dec} }
@misc{ZYX_2022, title={Answer to “If $A$ has enough projectives, then so does the category $Ch(A)$ of chain complex over $A$”}, url={https://math.stackexchange.com/a/4415054}, journal={Mathematics Stack Exchange}, author={ZYX}, year={2022}, month={Mar} }
@misc{Pedro_2018, title={Answer to “Exercise 2.4.2 In Weibel An Introduction to Homological Algebra”}, url={https://math.stackexchange.com/a/2932030}, journal={Mathematics Stack Exchange}, author={Pedro}, year={2018}, month={Sep} }
@book{Awodey_2010, address={Oxford ; New York}, edition={2nd ed}, series={Oxford logic guides}, title={Category theory}, ISBN={978-0-19-958736-0}, callNumber={QA169 .A96 2010}, publisher={Oxford University Press}, author={Awodey, Steve}, year={2010}, collection={Oxford logic guides}, language={en} }